<record><leader>00000cas a2200000 a 4500</leader><controlfield tag="001">11062597</controlfield><controlfield tag="008">840816c19109999nyudr ne      0   a0eng c</controlfield><datafield ind1=" " ind2=" " tag="010"><subfield code="a">sn 84031509 </subfield></datafield><datafield ind1=" " ind2=" " tag="040"><subfield code="a">NYG</subfield><subfield code="b">eng</subfield><subfield code="c">NYG</subfield><subfield code="d">DLC</subfield><subfield code="d">NYS</subfield><subfield code="d">NSD</subfield><subfield code="d">CRL</subfield><subfield code="d">NYS</subfield><subfield code="d">OCLCQ</subfield><subfield code="d">OCLCF</subfield><subfield code="d">OCLCO</subfield></datafield><datafield ind1=" " ind2=" " tag="012"><subfield code="l">1</subfield><subfield code="m">1</subfield></datafield><datafield ind1="1" ind2=" " tag="022"><subfield code="a">1071-4448</subfield><subfield code="l">1071-4448</subfield><subfield code="2">1</subfield></datafield><datafield ind1="1" ind2=" " tag="029"><subfield code="a">AU@</subfield><subfield code="b">000021487210</subfield></datafield><datafield ind1=" " ind2=" " tag="032"><subfield code="a">609320</subfield><subfield code="b">USPS</subfield></datafield><datafield ind1=" " ind2=" " tag="037"><subfield code="b">Saratogian, 20 Lake Ave., Saratoga Springs, NY 12866</subfield></datafield><datafield ind1=" " ind2=" " tag="042"><subfield code="a">pcc</subfield><subfield code="a">nsdp</subfield></datafield><datafield ind1=" " ind2=" " tag="043"><subfield code="a">n-us-ny</subfield></datafield><datafield ind1="0" ind2="0" tag="050"><subfield code="a">Newspaper 9122</subfield></datafield><datafield ind1="0" ind2=" " tag="130"><subfield code="a">Saratogian (Saratoga Springs, N.Y. : 1910)</subfield></datafield><datafield ind1=" " ind2="4" tag="222"><subfield code="a">The Saratogian</subfield><subfield code="b">(Saratoga Springs, N.Y., 1910)</subfield></datafield><datafield ind1="0" ind2="4" tag="245"><subfield code="a">The Saratogian.</subfield></datafield><datafield ind1="1" ind2=" " tag="246"><subfield code="i">Sunday issues have title:</subfield><subfield code="a">Saratogian Sunday</subfield><subfield code="f">Apr. 4, 1971-</subfield></datafield><datafield ind1="1" ind2="7" tag="246"><subfield code="a">Saratogian/tri-county news</subfield></datafield><datafield ind1=" " ind2=" " tag="260"><subfield code="a">Saratoga Springs, N.Y. :</subfield><subfield code="b">Saratogian Co.,</subfield><subfield code="c">1910-</subfield></datafield><datafield ind1=" " ind2=" " tag="300"><subfield code="a">v. :</subfield><subfield code="b">ill. ;</subfield><subfield code="c">59 cm.</subfield></datafield><datafield ind1=" " ind2=" " tag="310"><subfield code="a">Daily,</subfield><subfield code="b">&lt;1993-2000&gt;</subfield></datafield><datafield ind1=" " ind2=" " tag="321"><subfield code="a">Daily (except Sunday),</subfield><subfield code="b">1910-1971</subfield></datafield><datafield ind1=" " ind2=" " tag="321"><subfield code="a">Daily (except Saturday),</subfield><subfield code="b">1971-1987</subfield></datafield><datafield ind1="0" ind2=" " tag="362"><subfield code="a">New ser., v. 41, no. 37 (Feb. 7, 1910)-</subfield></datafield><datafield ind1=" " ind2=" " tag="500"><subfield code="a">"Member, The Gannett Group."</subfield></datafield><datafield ind1=" " ind2=" " tag="500"><subfield code="a">"A Gannett newspaper serving Saratoga, Warren and Washington Counties."</subfield></datafield><datafield ind1=" " ind2=" " tag="500"><subfield code="a">Saratogian/tri-county news ed. published in Glens Falls and Saratoga Springs, N.Y., &lt;1971&gt; and called "northern edition of the Saratogian".</subfield></datafield><datafield ind1=" " ind2=" " tag="500"><subfield code="a">Centennial ed. published Oct. 26, 1954.</subfield></datafield><datafield ind1=" " ind2=" " tag="515"><subfield code="a">Sunday issues have separate numbering, Apr. 4, 1971-   .</subfield></datafield><datafield ind1=" " ind2=" " tag="500"><subfield code="a">Editors: &lt;1969&gt; F.G. Eaton.</subfield></datafield><datafield ind1=" " ind2=" " tag="530"><subfield code="a">Also available on microfilm from Micro Photo Division, Bell and Howell, Co.</subfield></datafield><datafield ind1=" " ind2=" " tag="580"><subfield code="a">Weekly eds.: Tricounty news (Saratoga Springs, N.Y. : 1970), &lt;1970&gt;; Community news (Clifton Park, N.Y.), &lt;2000&gt;; Saratoga extra, &lt;2000&gt;.</subfield></datafield><datafield ind1=" " ind2="0" tag="651"><subfield code="a">Saratoga Springs (N.Y.)</subfield><subfield code="v">Newspapers.</subfield></datafield><datafield ind1=" " ind2="0" tag="651"><subfield code="a">Saratoga County (N.Y.)</subfield><subfield code="v">Newspapers.</subfield></datafield><datafield ind1=" " ind2="0" tag="651"><subfield code="a">Glens Falls (N.Y.)</subfield><subfield code="v">Newspapers.</subfield></datafield><datafield ind1=" " ind2="0" tag="651"><subfield code="a">Warren County (N.Y.)</subfield><subfield code="v">Newspapers.</subfield></datafield><datafield ind1=" " ind2="0" tag="651"><subfield code="a">Washington County (N.Y.)</subfield><subfield code="v">Newspapers.</subfield></datafield><datafield ind1=" " ind2="7" tag="655"><subfield code="a">Newspapers.</subfield><subfield code="2">fast</subfield><subfield code="0">(OCoLC)fst01423814</subfield></datafield><datafield ind1=" " ind2="7" tag="651"><subfield code="a">New York (State)</subfield><subfield code="z">Glens Falls.</subfield><subfield code="2">fast</subfield><subfield code="0">(OCoLC)fst01204876</subfield></datafield><datafield ind1=" " ind2="7" tag="651"><subfield code="a">New York (State)</subfield><subfield code="z">Saratoga County.</subfield><subfield code="2">fast</subfield><subfield code="0">(OCoLC)fst01210046</subfield></datafield><datafield ind1=" " ind2="7" tag="651"><subfield code="a">New York (State)</subfield><subfield code="z">Saratoga Springs.</subfield><subfield code="2">fast</subfield><subfield code="0">(OCoLC)fst01206823</subfield></datafield><datafield ind1=" " ind2="7" tag="651"><subfield code="a">New York (State)</subfield><subfield code="z">Warren County.</subfield><subfield code="2">fast</subfield><subfield code="0">(OCoLC)fst01211825</subfield></datafield><datafield ind1=" " ind2="7" tag="651"><subfield code="a">New York (State)</subfield><subfield code="z">Washington County.</subfield><subfield code="2">fast</subfield><subfield code="0">(OCoLC)fst01220667</subfield></datafield><datafield ind1=" " ind2=" " tag="752"><subfield code="a">United States</subfield><subfield code="b">New York</subfield><subfield code="c">Saratoga</subfield><subfield code="d">Saratoga Springs.</subfield></datafield><datafield ind1=" " ind2=" " tag="752"><subfield code="a">United States</subfield><subfield code="b">New York</subfield><subfield code="c">Warren</subfield><subfield code="d">Glens Falls.</subfield></datafield><datafield ind1="1" ind2=" " tag="775"><subfield code="t">Tri-county news (Saratoga Springs, N.Y.)</subfield><subfield code="g">&lt;1970&gt;</subfield><subfield code="w">(DLC)sn 88074408</subfield><subfield code="w">(OCoLC)18013114</subfield></datafield><datafield ind1="1" ind2=" " tag="775"><subfield code="t">Community news (Clifton Park, N.Y.)</subfield><subfield code="g">&lt;2000&gt;</subfield><subfield code="w">(DLC)sn 00063017</subfield><subfield code="w">(OCoLC)43867522</subfield></datafield><datafield ind1="1" ind2=" " tag="775"><subfield code="t">Saratoga extra</subfield><subfield code="g">&lt;2000&gt;</subfield><subfield code="w">(DLC)sn 00063033</subfield><subfield code="w">(OCoLC)45624035</subfield></datafield><datafield ind1="0" ind2="0" tag="780"><subfield code="t">Daily Saratogian</subfield><subfield code="w">(DLC)sn 83031649</subfield><subfield code="w">(OCoLC)9941128</subfield></datafield><datafield ind1=" " ind2=" " tag="936"><subfield code="a">Vol. 136, no. 108 (Aug. 6, 1993) (surrogate) LIC</subfield></datafield></record>